
@BOOK{Russell,
	author = {Russell, Stuart J., and Norvig, Peter},
    edition = {3rd},
    publisher = {Pearson},
    title = {Artificial Intelligence: A Modern Approach},
    year = 2009
}

@Book{Ansari,
	author = {Ahlam Ansari, and Mohd Amin Sayyed, and Khatija Ratlamwala, and Parvin Shaikh},
    publisher = {International Journal in Foundations of Computer Science and Technology},
    title = {An Optimized Hybrid Approach For Path Finding},
	year = {2015}
}

@BOOK{Zhang,
	author = {Zhang, Shichao, and Jarvis, Ray},
    edition = {},
    publisher = {Springer},
    title = {AI 2005: Advances in Artificial Intelligence},
    year = 2005
}