@BOOK{Russell,
	author = {Stuart J. Russell, Peter Norvig},
    edition = {3rd},
    publisher = {Pearson},
    title = {Artificial Intelligence: A Modern Approach},
    year = 2009
}

@Book{Steinbach,
	author = {P.N. Tan, M. Steinbach, V. Kumar},
    edition = {1st},
    publisher = {J. Artif. Intelligence},
    title = {Introduction to Data Mining},
    year = 1997
}

@Book{Leung,
	author = {Ming Leung K.},
    edition = {1st},
    publisher = {Polytechnic University Department of Computer Science},
    title = {k-Nearest Neighbor algorithm for classification},
    year = 2007
}

@Book{Boriah,
	author = {Boriah Shyam, Chandola Varun, Kumar Vipin},
    edition = {1st},
    publisher = {University of Minnesota Department of Computer Science and Engineering},
    title = {Similarity Measures for Categorical Data: A comparative Evaluation},
    year = 2007
}

@ARTICLE{Quinlan,
	author = {Quinlan, J. R.},
    title = {Computational Intelligence, Concepts to Implementations},
    journal = {Machine Learning},
    volume = 81,
    year = 1986,
}

@ARTICLE{Friedman,
	author = {Nir Friedman, Dan Geiger, Moises Goldszmidt},
    title = {Induction of Decision Trees},
    journal = {Machine Learning},
    volume = 29,
    year = 1997,
    pages = {161-205}
}

@ARTICLE{Fayyad,
	author = {Cheng, J., Fayyad, U.M., Irani, K.B., and Qian, Z.},
    title = {Improved Decision Trees: A Generalized Version of ID3},
    journal = {Proc. of 5th Int. Conf. on machine Learning},
    year = 1988,
    pages = {100-108}
}

@ARTICLE{FayyadIrani,
	author = {Fayyad, U.M., Irani, K.B.},
    title = {Multi-interval Discretization of Continuous-valued Attributes for Classification Learning},
    journal = {Proc. Thirteenth International Join Conference on Artificial Intelligence},
    year = 1993,
    pages = {1022-10278}
}

@ONLINE{Lichman,
	author = "M. Lichman",
	year = "2013",
	title = "{UCI} Machine Learning Repository",
	url = "http://archive.ics.uci.edu/ml",
	publisher = "University of California, Irvine, School of Information and Computer Sciences" 
}